<record xmlns="http://www.loc.gov/MARC21/slim" xmlns:xsi="http://www.w3.org/2001/XMLSchema-instance" xsi:schemaLocation="http://www.loc.gov/MARC21/slim http://www.loc.gov/standards/marcxml/schema/MARC21slim.xsd"><leader>01009cz   2200241n  4500</leader><controlfield tag="001">oca02996693 </controlfield><controlfield tag="005">20031209145656.0</controlfield><controlfield tag="008">910801n| acannaab           |a aaa     c</controlfield><datafield ind1=" " ind2=" " tag="010"><subfield code="a">nr 91027472 </subfield><subfield code="z">n 2003017980</subfield></datafield><datafield ind1=" " ind2=" " tag="040"><subfield code="a">NjP</subfield><subfield code="c">NjP</subfield><subfield code="d">InU</subfield><subfield code="d">ICRL</subfield><subfield code="d">DLC</subfield></datafield><datafield ind1=" " ind2="0" tag="053"><subfield code="a">PA5319.N5</subfield></datafield><datafield ind1="0" ind2=" " tag="100"><subfield code="a">Nikētas,</subfield><subfield code="c">ho Eugeneianos,</subfield><subfield code="d">12th cent.</subfield></datafield><datafield ind1="1" ind2=" " tag="400"><subfield code="a">Eugenianus, Nicetas,</subfield><subfield code="d">12th cent.</subfield></datafield><datafield ind1="0" ind2=" " tag="400"><subfield code="a">Nicetas,</subfield><subfield code="c">Eugenianus,</subfield><subfield code="d">12th cent.</subfield></datafield><datafield ind1="1" ind2=" " tag="400"><subfield code="a">Eugeneianos, Nikētas,</subfield><subfield code="d">12th cent.</subfield></datafield><datafield ind1="0" ind2=" " tag="400"><subfield code="a">Niceta,</subfield><subfield code="c">Eugeniano,</subfield><subfield code="d">12th cent.</subfield></datafield><datafield ind1="0" ind2=" " tag="400"><subfield code="a">Nikita,</subfield><subfield code="c">Evgenian,</subfield><subfield code="d">12th cent.</subfield></datafield><datafield ind1="1" ind2=" " tag="400"><subfield code="a">Evgenian, Nikita,</subfield><subfield code="d">12th cent.</subfield></datafield><datafield ind1=" " ind2=" " tag="670"><subfield code="a">His De Drosillae et Chariclis ... 1990:</subfield><subfield code="b">t.p. (Nicetas Eugenianus)</subfield></datafield><datafield ind1=" " ind2=" " tag="670"><subfield code="a">Meg.  Hellē. Enkyklo.</subfield><subfield code="b">(Nikētas ho Eugeneianos; Byzantine writer, fl. 2nd half 12th cent.)</subfield></datafield><datafield ind1=" " ind2=" " tag="670"><subfield code="a">Il Romanzo bizantino del XII secolo, 1994:</subfield><subfield code="b">t.p. (Niceta Eugeniano)</subfield></datafield><datafield ind1=" " ind2=" " tag="670"><subfield code="a">His Povestʹ o Drosille i Kharikle, 1969:</subfield><subfield code="b">t.p. (Nikita Evgenian)</subfield></datafield><datafield ind1=" " ind2=" " tag="675"><subfield code="a">Enc. Brit., 15 th ed.;</subfield><subfield code="a">New Schaff-Herzog.</subfield></datafield></record>